@book{metcalf_2014_wastewater,
  author = {Metcalf and Eddy},
  edition = {5},
  publisher = {McGraw},
  title = {Wastewater Engineering, Treatment and resource recovery},
  year = {2014}
}

@misc{yarravalleywater_2023_amf,
  author = {{Yarra Valley Water}},
  month = {01},
  title = {AMF L8 Sewerage Planning   and Design Principles},
  year = {2023}
}

@misc{australianbureauofstatistics_2021_suburbs,
  author = {{Australian Bureau of Statistics}},
  title = {Suburbs and Localities},
  url = {https://www.abs.gov.au/census/find-census-data/quickstats/2021/SAL22315},
  year = {2021},
  organization = {Australian Bureau of Statistics}
}